@electronic{cgl:meffert2011genetic,
  added-at = {2013-03-16T22:37:02.000+0100},
  author = {Meffert, Klaus},
  biburl = {http://www.bibsonomy.org/bibtex/2cde11162ed571d0451072c7a4e7c658f/lcschoening},
  interhash = {f451860ae31b96af8cd9a992b9206165},
  intrahash = {cde11162ed571d0451072c7a4e7c658f},
  keywords = {1stYear algorithms genetic_algorithms},
  timestamp = {2013-03-16T22:45:39.000+0100},
  title = {Java Genetic Algorithms Package},
  url = {http://www.jgap.sourceforge.net},
  year = 2011
}
